@article{bryan2018excuse,
  title={Excuse me, do you have a moment to talk about version control?},
  author={Bryan, Jennifer},
  journal={The American Statistician},
  volume={72},
  number={1},
  pages={20--27},
  year={2018},
  publisher={Taylor \& Francis}
}

@article{cooper2017guide,
  title={A guide to reproducible code in ecology and evolution},
  author={Cooper, Natalie and Hsing, Pen-Yuan and Croucher, Mike and Graham, Laura and James, Tamora and Krystalli, Anna and Michonneau, Francois},
  journal={British Ecological Society},
  year={2017}
}

@article{waller2018documenting,
  title={Documenting and evaluating Data Science contributions in academic promotion in Departments of Statistics and Biostatistics},
  author={Waller, Lance A},
  journal={The American Statistician},
  volume={72},
  number={1},
  pages={11--19},
  year={2018},
  publisher={Taylor \& Francis}
}

@book{wickham2015r,
  title={R packages: organize, test, document, and share your code},
  author={Wickham, Hadley},
  year={2015},
  publisher={" O'Reilly Media, Inc."}
}

@Book{xie2015,
  title = {Dynamic Documents with {R} and knitr},
  author = {Yihui Xie},
  publisher = {Chapman and Hall/CRC},
  address = {Boca Raton, Florida},
  year = {2015},
  edition = {2nd},
  note = {ISBN 978-1498716963},
  url = {http://yihui.name/knitr/},
}
